%Collections
%%%%%%%%%%%%%%%%%%%%%%%%%%%%%%%%%%%%%%%%%%%%%%%%%%
@incollection{goldstein2018,
  author	= {D. H. Goldstein},
  title		= {Anisotropic Materials},
  booktitle	= {Advanced Optical Instruments and Techniques},
  note		= {Ch. 20. 2018},
  pages		= {695--726},
  year		= {2018},
  crossref	= {hernandez}
}

@incollection{higson2008,
  author	= {N. Higson and J. Roe},
  title		= {Operator Algebras},
  booktitle	= {The Princeton Companion ot Mathematics},
  note		= {Ch. IV.15. 2008},
  pages		= {510--523},
  year		= {2008},
  crossref	= {gowers}
}

@incollection{hochstrasser1972,
  author	= {U. W. Hochstrasser},
  title		= {Orthogonal Polynomials},
  booktitle	= {Handbook of Mathematical Functions},
  note		= {Ch. 22. 1972},
  pages		= {771--802},
  year		= {1972},
  crossref	= {abramowitz}
}

@incollection{karim2018,
  author	= {M. A. Karim},
  title		= {Electro-Optical and Acousto-Optical Devices},
  booktitle	= {Advanced Optical Instruments and Techniques},
  note		= {Ch. 11. 2018},
  pages		= {409--458},
  year		= {2018},
  crossref	= {hernandez}
}

@incollection{miller1972,
  author	= {J. C. P. Miller},
  title		= {Parabolic Cylinder Functions},
  booktitle	= {Handbook of Mathematical Functions},
  note		= {Ch. 19. 1972},
  pages		= {685--720},
  year		= {1972},
  crossref	= {abramowitz}
}

@incollection{starodoumov2018,
  author	= {A. N. Starodoumov},
  title		= {Optical Fibers and Accessories},
  booktitle	= {Advanced Optical Instruments and Techniques},
  note		= {Ch. 18. 2018},
  pages		= {633--676},
  year		= {2018},
  crossref	= {hernandez}
}

%Books
%%%%%%%%%%%%%%%%%%%%%%%%%%%%%%%%%%%%%%%%%%%%%%%%%%
@book{abramowitz1972,
  editor    = {M. Abramowitz and I. A. Stegun},
  title     = {Handbook of Mathematical Functions},
  publisher = {United States Government Publishing Office},
  year      = {1972},
  edition   = {10},
  ISBN		= {0-486-61272-4}
}

@book{agrawal2002,
  author    = {G. Agrawal},
  title     = {Fiber-Optic Communication Systems},
  publisher = {John Wiley \& Sons, Inc.},
  year      = {2002},
  edition   = {3},
  ISBN		= {0-471-21571-6}
}

@book{agrawal2013,
  author    = {G. Agrawal},
  title     = {Nonlinear Fiber Optics},
  publisher = {Academic Press},
  year      = {2013},
  edition   = {5},
  ISBN		= {978-0-12-397023-7}
}

@book{alazzawi2017,
  author    = {A. Al-Azzawi},
  title     = {Fiber Optics: Principles and Advanced Practices},
  publisher = {CRC Press},
  year      = {2017},
  edition   = {2},
  ISBN		= {978-1-4987-7432-1}
}

@book{becker1999,
  author    = {P. C. Becker and N. A. Olsson and J. R. Simpson},
  title     = {Erbium-Doped Fiber Amplifiers Fundamentals and Technology},
  publisher = {Academic Press},
  year      = {1999},
  edition   = {1},
  ISBN		= {978-0120845903}
}

@book{conway1985,
  author    = {J. B. Conway},
  title     = {A Course in Functional Analysis},
  publisher = {Springer-Verlag New York Inc.},
  year      = {1985},
  edition   = {1},
  ISBN		= {o-387-96042-2},
  series	= {Graduate Texts in Mathematics},
  volume	= {96}
}

@book{courant1924,
  author    = {R. Courant and D. Hilbert},
  title     = {Methoden der Mathematischen Physik},
  publisher = {Julius Springer},
  year      = {1924},
  volume	= {I}
}

@book{debnath2007,
  author    = {L. Debnath and D. Bhatta},
  title     = {Integral Transforms and Their Applications},
  publisher = {Chapman \& Hall/CRC Press},
  year      = {2007},
  edition   = {2},
  ISBN		= {978-1-58488-575-7}
}

@book{desurvire2002,
  author    = {E. Desurvire},
  title     = {Erbium-Doped Fiber Amplifiers Principles and Applications},
  publisher = {John Wiley \& Sons, Inc.},
  year      = {2002},
  ISBN		= {0-471-26434-2}
}

@book{ferreira2011,
  author    = {M. F. S. Ferreira},
  title     = {Nonlinear Effects in Optical Fibers},
  publisher = {John Wiley \& Sons, Inc.},
  year      = {2011},
  ISBN		= {978-0-470-46466-3}
}

@book{gowers2008,
  editor    = {T. Gowers},
  title     = {The Princeton Companion to Mathematics},
  publisher = {Princeton University Press},
  year      = {2008},
  ISBN		= {978-0-691-11880-2}
}

@book{gradshteyn2007,
  author    = {I. S. Gradshteyn and I. M. Ryzhik},
  title     = {Table of Integrals, Series, and Products},
  publisher = {Academic Press},
  year      = {2007},
  edition   = {7},
  ISBN		= {978-0-12-373637-6}
}

@book{griffel2002,
  author    = {D. H. Griffel},
  title     = {Applied Functional Analysis},
  publisher = {Dover Publications, Inc.},
  year      = {2002},
  edition   = {2},
  ISBN		= {978-0-486-42258-9}
}

@book{hernandez2018,
  editor    = {D. Malacara-Hern\'andez and B. J. Thompson},
  title     = {Advanced Optical Instruments and Techniques},
  series	= {Handbook of Optical Engineering},
  publisher = {CRC Press},
  year      = {2018},
  edition   = {2},
  volume	= {2},
  ISBN		= {978-1-4987-2067-0},
}

@book{haus1984,
  author    = {H. A. Haus},
  title     = {Waves and Fields in Optoelectronics},
  publisher = {Prentice-Hall, Inc.},
  year      = {1984},
  ISBN		= {0-13-946053-5}
}

@book{howison2005,
  author    = {S. Howison}, 
  title     = {Practical Applied Mathematics: Modelling, Analysis, Approximation},
  publisher = {Cambridge University Press},
  year      = {2005},
  ISBN		= {978-0-521-84274-7},
  series	= {Cambridge Texts in Applied Mathematics}
}

@book{kolmogorov1960,
  author    = {A. N. Kolmogorov and S. V. Fomin},
  title     = {Elements of the Theory of Functions and Functional Analysis},
  publisher = {Graylock Press},
  year      = {1960},
  edition   = {1},
  volume	= {2}
}

@book{kreyszig1978,
  author    = {E. Kreyszig},
  title     = {Introductory Functional Analysis with Applications},
  publisher = {John Wiley \& Sons, Inc.},
  year      = {1978},
  ISBN		= {0-471-50731-8}
}

@book{ockendon1975,
  title		= {Moving Boundary Problems in Heat Flow and Diffusion},
  editor	= {J. R. Ockendon and W. R. Hodgkins},
  month		= {Mar},
  year		= {1975},
  publisher	= {Oxford University Press}
}

@book{silfvast2004,
  author    = {W. T. Silfvast},
  title     = {Laser Fundamentals},
  publisher = {Cambridge University Press},
  year      = {2004},
  edition   = {2},
  ISBN		= {0-521-83345-0}
}

@book{szego1975,
  author    = {G. Szeg\"o},
  title     = {Orthogonal Polynomials},
  publisher = {American Mathematical Society},
  year      = {1975},
  edition   = {4},
  ISBN		= {0-8218-1023-5},
  series	= {American Mathematical Society Colloquium Publications},
  volume	= {XXIII}
}

@book{zwillinger1992,
  author    = {D. Zwillinger},
  title     = {Handbook of Differential Equations},
  publisher = {Academic Press},
  year      = {1992},
  edition   = {2},
  ISBN		= {9781483263960}
}

%Articles
%%%%%%%%%%%%%%%%%%%%%%%%%%%%%%%%%%%%%%%%%%%%%%%%%%
@article{agrawal1987,
  title     = {Modulation Instability Induced by Cross-Phase Modulation},
  author    = {G. P. Agrawal},
  journal   = {Phys. Rev. Lett.},
  volume    = {59},
  issue     = {8},
  pages     = {880--883},
  numpages  = {0},
  year      = {1987},
  month     = {Aug},
  publisher = {American Physical Society},
  doi       = {10.1103/PhysRevLett.59.880},
  url       = {https://link.aps.org/doi/10.1103/PhysRevLett.59.880}
}

@article{agrawal1989,
  title     = {Temporal and Spectral Effects of Cross-Phase Modulation on Copropagating Ultrashort Pulses in Optical Fibers},
  author    = {G. P. Agrawal and P. L. Baldeck and  R. R. Alfano},
  journal   = {Phys. Rev. A},
  volume    = {40},
  issue     = {9},
  pages     = {5063--5072},
  numpages  = {0},
  year      = {1989},
  month     = {Nov},
  publisher = {American Physical Society},
  doi       = {10.1103/PhysRevA.40.5063},
  url       = {https://link.aps.org/doi/10.1103/PhysRevA.40.5063}
}

@article{anderson1992,
  author	= {D. Anderson and M. Desaix and M. Lisak and M. L. Quiroga--Teixeiro},
  journal	= {J. Opt. Soc. Am. B},
  number	= {8},
  pages		= {1358--1361},
  publisher	= {OSA},
  title		= {Wave Breaking in Nonlinear-Optical Fibers},
  volume	= {9},
  month		= {Aug},
  year		= {1992},
  doi		= {10.1364/JOSAB.9.001358}
}

@article{burgoyne2014,
  author	= {B. Burgoyne and A. Dupuis and A. Villeneuve},
  journal	= {IEEE Journal of Selected Topics in Quantum Electronics},
  title		= {An Experimentally Validated Discrete Model for Dispersion-Tuned Actively Mode-Locked Lasers},
  year		= {2014},
  volume	= {20},
  number	= {5},
  pages		= {390--398},
  doi		= {10.1109/JSTQE.2014.2303794},
  month		= {Sept}
}

@article{burgoyne2007,
  author	= {B. Burgoyne and N. Godbout and S. Lacroix},
  journal	= {Opt. Express},
  number	= {16},
  pages		= {10075--10090},
  publisher	= {OSA},
  title		= {Nonlinear Pulse Propagation in Optical Fibers Using Second Order Moments},
  volume	= {15},
  month		= {Aug},
  year		= {2007},
  url		= {http://www.opticsexpress.org/abstract.cfm?URI=oe-15-16-10075},
  doi		= {10.1364/OE.15.010075}
}

@article{calcaterra2008a,
  author	= {C. Calcaterra and A. Boldt},
  title		= {Approximating with Gaussians},
  journal	= {ArXiv},
  note		= {arXiv:0805.3795},
  year		= {2008},
  month		= {May},
  URL		= {https://arxiv.org/abs/0805.3795}
}

@article{chung2017,
  author    = {H. Chung and W. Liu and Q. Cao and F. X. K\"{a}rtner and G. Chang},
  journal   = {Opt. Express},
  number    = {14},
  pages     = {15760--15771},
  publisher = {OSA},
  title     = {Er-Fiber Laser Enabled, Energy Scalable Femtosecond Source Tunable from 1.3 to 1.7 $\mu$m},
  volume    = {25},
  month     = {Jul},
  year      = {2017},
  url       = {http://www.opticsexpress.org/abstract.cfm?URI=oe-25-14-15760},
  doi       = {10.1364/OE.25.015760}
}

@article{coen1997,
  title     = {Modulational Instability Induced by Cavity Boundary Conditions in a Normally Dispersive Optical Fiber},
  author    = {S. Coen and M. Haelterman},
  journal   = {Phys. Rev. Lett.},
  volume    = {79},
  issue     = {21},
  pages     = {4139--4142},
  numpages  = {0},
  year      = {1997},
  month     = {Nov},
  publisher = {American Physical Society},
  doi       = {10.1103/PhysRevLett.79.4139},
  url       = {https://link.aps.org/doi/10.1103/PhysRevLett.79.4139}
}

@article{corless1996,
  author	= {R. M. Corless and G. H. Gonnet and D. E. G. Hare and D. J. Jeffrey and D. E. Knuth},
  title		= {On the Lambert $W$ function},
  journal	= {Advances in Computational Mathematics},
  year		= {1996},
  month		= {Dec},
  volume	= {5},
  number	= {1},
  issn		= {1572-9044},
  doi		= {10.1007/BF02124750},
  url		= {https://doi.org/10.1007/BF02124750}
}

@article{dunlop1998,
  author	= {A. M. Dunlop and W. J. Firth and E. M. Wright},
  journal	= {Opt. Express},
  number	= {5},
  pages		= {204--211},
  publisher	= {OSA},
  title		= {Pulse Shapes and Stability in Kerr and Active Mode-Locking (KAML)},
  volume	= {2},
  month		= {Mar},
  year		= {1998},
  doi		= {10.1364/OE.2.000204}
}

@article{finot2008,
  author	= {C. Finot and B. Kibler and L. Provost and S. Wabnitz},
  journal	= {J. Opt. Soc. Am. B},
  number	= {11},
  pages		= {1938--1948},
  publisher	= {OSA},
  title		= {Beneficial Impact of Wave-Breaking for Coherent Continuum Formation in Normally Dispersive Nonlinear Fibers},
  volume	= {25},
  month		= {Nov},
  year		= {2008},
  doi		= {10.1364/JOSAB.25.001938}
}

@article{haelterman1992,
  author    = {M. Haelterman and S. Trillo and S. Wabnitz},
  journal   = {Opt. Lett.},
  number    = {10},
  pages     = {745--747},
  publisher = {OSA},
  title     = {Additive-Modulation-Instability Ring Laser in the Normal Dispersion Regime of a Fiber},
  volume    = {17},
  month     = {May},
  year      = {1992},
  url       = {http://ol.osa.org/abstract.cfm?URI=ol-17-10-745},
  doi       = {10.1364/OL.17.000745}
}

@article{haus1975,
  author	= {H. A. Haus},
  journal	= {IEEE Journal of Quantum Electronics},
  number	= {7},
  pages		= {323--330},
  publisher	= {IEEE},
  title		= {A Theory of Forced Mode Locking},
  volume	= {11},
  month		= {July},
  year		= {1975},
  doi		= {10.1109/JQE.1975.1068636}
}

@article{haus1986,
  author	= {H. A. Haus},
  journal	= {IEEE Journal of Quantum Electronics},
  number	= {2},
  pages		= {325--331},
  publisher	= {IEEE},
  title		= {Laser Mode Locking with Addition of Nonlinear Index},
  volume	= {22},
  month		= {Feb},
  year		= {1986},
  doi		= {10.1109/JQE.1986.1072944}
}

@article{haus1991,
  author	= {H. A. Haus and J. G. Fujimoto and E. P. Ippen},
  journal	= {J. Opt. Soc. Am. B},
  number	= {10},
  pages		= {2068--2076},
  publisher	= {OSA},
  title		= {Structures for Additive Pulse Mode Locking},
  volume	= {8},
  month		= {Oct},
  year		= {1991},
  doi		= {10.1364/JOSAB.8.002068}
}

@article{haus1992,
  author	= {H. A. Haus},
  journal	= {IEEE Journal of Quantum Electronics},
  number	= {10},
  pages		= {2086--2096},
  publisher	= {IEEE},
  title		= {Analytic Theory of Additive Pulse and Kerr Lens Mode Locking},
  volume	= {28},
  month		= {Oct},
  year		= {1992},
  doi		= {10.1109/3.159519}
}

@article{haus1996,
  author	= {H. A. Haus},
  journal	= {Journal of Lightwave Technology},
  number	= {4},
  pages		= {622--627},
  publisher	= {IEEE},
  title		= {Theory of Soliton Stability in Asynchronous Modelocking},
  volume	= {14},
  month		= {April},
  year		= {1996},
  doi		= {10.1109/50.491401}
}

@article{haus2000,
  author	= {H. A. Haus},
  journal	= {IEEE Journal of Selected Topics in Quantum Electronics},
  number	= {6},
  pages		= {1173--1185},
  publisher	= {IEEE},
  title		= {Mode-Locking of Lasers},
  volume	= {6},
  month		= {Nov},
  year		= {2000},
  doi		= {10.1109/2944.902165}
}

@article{kuizenga1970a,
  author	= {D. J. Kuizenga and A. E. Siegman},
  journal	= {IEEE Journal of Quantum Electronics},
  number	= {11},
  pages		= {694--708},
  publisher	= {IEEE},
  title		= {FM and AM Mode Locking of the Homogeneous Laser - Part I: Theory},
  volume	= {6},
  month		= {Nov},
  year		= {1970},
  doi		= {10.1109/JQE.1970.1076343}
}

@article{kuizenga1970b,
  author	= {D. J. Kuizenga and A. E. Siegman},
  journal	= {IEEE Journal of Quantum Electronics},
  number	= {11},
  pages		= {709--715},
  publisher	= {IEEE},
  title		= {FM and AM Mode Locking of the Homogeneous Laser - Part II: Experimental Results in a Nd:YAG Laser with Internal FM Modulation},
  volume	= {6},
  month		= {Nov},
  year		= {1970},
  doi		= {10.1109/JQE.1970.1076344}
}

@article{kuizenga1970,
  author	= {D. J. Kuizenga and A. E. Siegman},
  journal	= {IEEE Journal of Quantum Electronics},
  number	= {11},
  pages		= {673--677},
  publisher	= {IEEE},
  title		= {FM-Laser Operation of the Nd:YAG Laser},
  volume	= {6},
  month		= {Nov},
  year		= {1970},
  doi		= { 10.1109/JQE.1970.1076348}
}

@article{lapre2019,
  title     = {Real-Time Characterization of Spectral Instabilities in a Mode-Locked Fibre Laser Exhibiting Soliton-Similariton Dynamics},
  author    = {C. Lapre and C. Billet and F. Meng and P. Ryczkowski and T. Sylvestre and C. Finot and G. Genty and J. M. Dudley},
  journal   = {Sci Rep},
  volume    = {9},
  issue     = {1},
  year      = {2019},
  month     = {Sept},
  doi       = {https://doi.org/10.1038/s41598-019-50022-5}
}

@article{li1998,
  author	= {S. Li and K. T. Chan},
  title		= {Electrical Wavelength Tunable and Multiwavelength Actively Mode-Locked Fiber Ring Laser},
  journal	= {Applied Physics Letters},
  volume	= {72},
  number	= {16},
  pages		= {1954--1956},
  year		= {1998},
  doi		= {10.1063/1.121263},
  URL		= {https://doi.org/10.1063/1.121263},
  eprint	= {https://doi.org/10.1063/1.121263}
}

@article{litchinitser1997,
  author	= {N. M. Litchinitser and B. J. Eggleton and D. B. Patterson},
  journal	= {Journal of Lightwave Technology},
  title		= {Fiber Bragg Gratings for Dispersion Compensation in Transmission: Theoretical Model and Design Criteria for Nearly Ideal Pulse Recompression},
  year		= {1997},
  volume	= {15},
  number	= {8},
  pages		= {1303--1313},
  doi		= {10.1109/50.618327},
  month		= {Aug}
}

@article{liu2012,
  author    = {Y. Liu and H. Tu and S. A. Boppart},
  journal   = {Opt. Lett.},
  number    = {12},
  pages     = {2172--2174},
  publisher = {OSA},
  title     = {Wave-Breaking-Extended Fiber Supercontinuum Generation for High Compression Ratio Transform-Limited Pulse Compression},
  volume    = {37},
  month     = {Jun},
  year      = {2012},
  url       = {http://ol.osa.org/abstract.cfm?URI=ol-37-12-2172},
  doi       = {10.1364/OL.37.002172}
}

@article{liu2017,
  author    = {W. Liu and S. Chia and H. Chung and R. Greinert and F. X. K\"{a}rtner and G. Chang},
  journal   = {Opt. Express},
  number    = {6},
  pages     = {6822--6831},
  publisher = {OSA},
  title     = {Energetic Ultrafast Fiber Laser Sources Tunable in 1030--1215 nm for Deep Tissue Multi-Photon Microscopy},
  volume    = {25},
  month     = {Mar},
  year      = {2017},
  url       = {http://www.opticsexpress.org/abstract.cfm?URI=oe-25-6-6822},
  doi       = {10.1364/OE.25.006822}
}

@article{martinez1984,
  author	= {O. E. Martinez and R. L. Fork and J. P. Gordon},
  journal	= {Opt. Lett.},
  number	= {5},
  pages		= {156--158},
  publisher	= {OSA},
  title		= {Theory of Passively Mode-Locked Lasers Including Self-Phase Modulation and Group-Velocity Dispersion},
  volume	= {9},
  month		= {May},
  year		= {1984},
  doi		= {10.1364/OL.9.000156}
}

@article{martinez1985,
  author	= {O. E. Martinez and R. L. Fork and J. P. Gordon},
  journal	= {J. Opt. Soc. Am. B},
  number	= {5},
  pages		= {753--760},
  publisher	= {OSA},
  title		= {Theory of Passively Mode-Locked Lasers for the Case of a Nonlinear Complex-Propagation Coefficient},
  volume	= {2},
  month		= {May},
  year		= {1985},
  doi		= {10.1364/JOSAB.2.000753}
}

@article{metherall2018,
  author	= {B. Metherall and C. S. Bohun},
  title		= {A Nonlinear Model for Dispersion-Tuned Actively Mode-Locked Lasers},
  journal	= {ArXiv},
  note		= {arXiv:1812.03113},
  year		= {2018},
  month		= {Dec},
  URL		= {https://arxiv.org/abs/1812.03113}
}

@article{mitschke1986,
  author    = {F. M. Mitschke and L. F. Mollenauer},
  journal   = {Opt. Lett.},
  number    = {10},
  pages     = {659--661},
  publisher = {OSA},
  title     = {Discovery of the Soliton Self-Frequency Shift},
  volume    = {11},
  month     = {Oct},
  year      = {1986},
  url       = {http://ol.osa.org/abstract.cfm?URI=ol-11-10-659},
  doi       = {10.1364/OL.11.000659}
}

@article{mollenauer1980,
  title     = {Experimental Observation of Picosecond Pulse Narrowing and Solitons in Optical Fibers},
  author    = {L. F. Mollenauer and R. H. Stolen and J. P. Gordon},
  journal   = {Phys. Rev. Lett.},
  volume    = {45},
  issue     = {13},
  pages     = {1095--1098},
  numpages  = {0},
  year      = {1980},
  month     = {Sep},
  publisher = {American Physical Society},
  doi       = {10.1103/PhysRevLett.45.1095},
  url       = {https://link.aps.org/doi/10.1103/PhysRevLett.45.1095}
}

@article{peng2018,
  author	= {J. Peng and H. Luo and L. Zhan},
  journal	= {Opt. Lett.},
  number	= {24},
  pages		= {5913--5916},
  publisher	= {OSA},
  title		= {In-Cavity Soliton Self-Frequency Shift Ultrafast Fiber Lasers},
  volume	= {43},
  month		= {Dec},
  year		= {2018},
  url		= {http://ol.osa.org/abstract.cfm?URI=ol-43-24-5913},
  doi		= {10.1364/OL.43.005913}
}

@article{rothenberg1989a,
  title     = {Observation of the Formation of an Optical Intensity Shock and Wave Breaking in the Nonlinear Propagation of Pulses in Optical Fibers},
  author    = {J. E. Rothenberg and D. Grischkowsky},
  journal   = {Phys. Rev. Lett.},
  volume    = {62},
  issue     = {5},
  pages     = {531--534},
  numpages  = {0},
  year      = {1989},
  month     = {Jan},
  publisher = {American Physical Society},
  doi       = {10.1103/PhysRevLett.62.531},
  url       = {https://link.aps.org/doi/10.1103/PhysRevLett.62.531}
}

@article{rothenberg1989b,
  author	= {J. E. Rothenberg},
  journal	= {J. Opt. Soc. Am. B},
  number	= {12},
  pages		= {2392--2401},
  publisher	= {OSA},
  title		= {Femtosecond Optical Shocks and Wave Breaking in Fiber Propagation},
  volume	= {6},
  month		= {Dec},
  year		= {1989},
  doi		= {10.1364/JOSAB.6.002392}
}

@article{siegman1969,
  author	= {A. E. Siegman and D. J. Kuizenga},
  journal	= {Appl. Phys. Lett.},
  number	= {6},
  pages		= {181--182},
  title		= {Simple Analytic Expressions for AM and FM Modelocked Pulses in Homogenous Lasers},
  month		= {Mar},
  year		= {1969},
  doi		= {https://doi.org/10.1063/1.1652765}
}

@article{shao2019,
  title     = {Cavity-Assisted Modulation Instability Lasing of a Fiber Ring Laser},
  journal   = {Applied Physics B},
  volume    = {125},
  number    = {5},
  year      = {2019},
  doi       = {https://doi.org/10.1007/s00340-018-7117-4},
  author    = {G. D. Shao and X. Hu and J. Guo and Y. F. Song and L. M. Zhao and D. Y. Shen and D. Y. Tang}
}

@article{shtyrina2017,
  author	= {O. V. Shtyrina and A. V. Ivanenko and I. A. Yarutkina and A. V. Kemmer and A. S. Skidin and S. M. Kobtsev and M. P. Fedoruk},
  journal	= {J. Opt. Soc. Am. B},
  number	= {2},
  pages		= {227--231},
  publisher	= {OSA},
  title		= {Experimental Measurement and Analytical Estimation of the Signal Gain in an Er-Doped Fiber},
  volume	= {34},
  month		= {Feb},
  year		= {2017},
  doi		= {10.1364/JOSAB.34.000227}
}

@article{tamura1993,
  author	= {K. Tamura and E. P. Ippen and H. A. Haus and L. E. Nelson},
  journal	= {Opt. Lett.},
  number	= {13},
  pages		= {1080--1082},
  publisher	= {OSA},
  title		= {77-fs Pulse Generation from a Stretched-Pulse Mode-Locked All-Fiber Ring Laser},
  volume	= {18},
  month		= {Jul},
  year		= {1993},
  doi		= {10.1364/OL.18.001080}
}

@article{tamura1996,
  author	= {K. Tamura and M. Nakazawa},
  journal	= {Opt. Lett.},
  number	= {24},
  pages		= {1984--1986},
  publisher	= {OSA},
  title		= {Dispersion-Tuned Harmonically Mode-Locked Fiber Ring Laser for Self-Synchronization to an External Clock},
  volume	= {21},
  month		= {Dec},
  year		= {1996},
  doi		= {10.1364/OL.21.001984}
}

@article{tang2014,
  title     = {GHz Pulse Train Generation in Fiber Lasers by Cavity Induced Modulation Instability},
  journal   = {Optical Fiber Technology},
  volume    = {20},
  number    = {6},
  pages     = {610--614},
  year      = {2014},
  note      = {Short Pulse Fiber Lasers},
  issn      = {1068-5200},
  doi       = {https://doi.org/10.1016/j.yofte.2014.08.002},
  url       = {http://www.sciencedirect.com/science/article/pii/S1068520014001096},
  author    = {D.Y. Tang and J. Guo and Y.F. Song and L. Li and L.M. Zhao and D.Y. Shen}
}

@article{teuwen2016,
  author	= {J. Teuwen},
  title		= {A Cornucopia of Hermite Polynomials},
  journal	= {Research Gate},
  year		= {2016},
  month		= {March},
  doi		= {10.13140/RG.2.1.2057.4964/1}
}

@article{tomlinson1985,
  author	= {W. J. Tomlinson and R. H. Stolen and A. M. Johnson},
  journal	= {Opt. Lett.},
  number	= {9},
  pages		= {457--459},
  publisher	= {OSA},
  title		= {Optical Wave Breaking of Pulses in Nonlinear Optical Fibers},
  volume	= {10},
  month		= {Sept},
  year		= {1985},
  doi		= {10.1364/OL.10.000457}
}

@article{usechak2005,
  author	= {Nicholas G. Usechak and Govind P. Agrawal},
  journal	= {J. Opt. Soc. Am. B},
  number	= {12},
  pages		= {2570--2580},
  publisher	= {OSA},
  title		= {Rate-Equation Approach for Frequency-Modulation Mode Locking using the Moment Method},
  volume	= {22},
  month		= {Dec},
  year		= {2005},
  doi		= {10.1364/JOSAB.22.002570}
}

@article{woodward2018,
  doi       = {10.1088/2040-8986/aaa9f5},
  url       = {https://doi.org/10.1088%2F2040-8986%2Faaa9f5},
  year      = {2018},
  month     = {Feb},
  publisher = {IOP Publishing},
  volume    = {20},
  number    = {3},
  pages     = {033002},
  author    = {R. I. Woodward},
  title     = {Dispersion Engineering of Mode-Locked Fibre Lasers},
  journal   = {Journal of Optics}
}

@article{yamashita2009,
  author	= {S. Yamashita and Y. Nakazaki and R. Konishi and O. Kusakari},
  title		= {Wide and Fast Wavelength-Swept Fiber Laser Based on Dispersion Tuning for Dynamic Sensing},
  journal	= {Journal of Sensors},
  volume	= {2009},
  year		= {2009},
  doi		= {10.1155/2009/572835}
}

@article{yarutkina2013,
  author	= {I.A. Yarutkina and O.V. Shtyrina and M.P. Fedoruk and S.K. Turitsyn},
  journal	= {Opt. Express},
  number	= {10},
  pages		= {12942--12950},
  publisher	= {OSA},
  title		= {Numerical Modeling of Fiber Lasers with Long and Ultra-long Ring Cavity},
  volume	= {21},
  month		= {May},
  year		= {2013},
  doi		= {10.1364/OE.21.012942}
}

%In Proceedings
%%%%%%%%%%%%%%%%%%%%%%%%%%%%%%%%%%%%%%%%%%%%%%%%%%
@inproceedings{bohun2015,
  author	= {C. S. Bohun and Y. Cher and L. J. Cummings and P. Howell and T. Mitre and L. Monasse and J. Mueller and S. Rouillon},
  title		= {Modelling and Specifying Dispersive Laser Cavities},
  booktitle	= {Sixth Montr\'{e}al Industrial Problem Solving Workshop},
  pages		= {11--25},
  year		= {2015}
}

@inproceedings{burgoyne2010,
  author	= {B. Burgoyne and A. Villeneuve},
  title		= {Programmable Lasers: Design and Applications},
  booktitle	= {Proc.SPIE},
  volume	= {7580},
  year		= {2010},
  doi		= {10.1117/12.841277}
}

@inproceedings{calcaterra2008b,
  author	= {C. Calcaterra},
  title		= {Linear Combinations of Gaussians with a Single Variance are Dense in $L^2$},
  booktitle	= {Proceedings of the World Congress on Engineering},
  volume	= {II},
  year		= {2008},
}

@inproceedings{chen2008,
  author	= {Q. Chen and N. Lu and F. Jiang},
  title		= {Characterization of the Dispersion of Chirped Fiber Bragg Grating Through Fourier Transform Spectrometry Method},
  booktitle	= {Proc.SPIE},
  volume	= {6837},
  year		= {2008},
  doi		= {10.1117/12.755295}

}

@inproceedings{cutler1955,
  author	= {C. C. Cutler},
  booktitle	= {Proceedings of the IRE},
  publisher	= {IEEE},
  title		= {The Regenerative Pulse Generator},
  month		= {Feb},
  year		= {1955},
  doi		= {10.1109/JRPROC.1955.278070}
}

@inproceedings{dong1997,
  author	= {L. Dong and M. J. Cole and A. D. Ellis and M. Durkin and M. Ibsen and V. Gusmeroli and R.I. Laming},
  booktitle	= {Conference on Optical Fiber Communications},
  publisher	= {Optical Society of America},
  title		= {40 Gbit/s 1.55 $\mu$m Transmission Over 109 km of Non-Dispersion Shifted Fibre with Long Continuously Chirped Fibre Gratings},
  year		= {1997}
}

@inproceedings{metherallammcs,
  author    = {B. Metherall and C. S. Bohun},
  booktitle = {The V AMMCS International Conference},
  title     = {A New Method of Modelling Tuneable Lasers with Functional Composition},
  year      = {To appear}
}

@inproceedings{tomlinson1984,
  author    = {W. J. Tomlinson and R. H. Stolen and C. V. Shank},
  booktitle = {Conference on Lasers and Electro-Optics},
  journal   = {Conference on Lasers and Electro-Optics},
  pages     = {139--149},
  publisher = {Optical Society of America},
  title     = {Compression of Optical Pulses Chirped by Self-Phase Modulation in Fibers},
  year      = {1984},
  url       = {http://www.osapublishing.org/abstract.cfm?URI=CLEO-1984-TUE4}
}

%Misc
%%%%%%%%%%%%%%%%%%%%%%%%%%%%%%%%%%%%%%%%%%%%%%%%%%
@misc{burgoyneemail,
  author	= {B. Burgoyne},
  howpublished	= {Private Communication},
  year		= {2018}
}

@misc{kartner2005,
  author	= {F. K\"artner},
  title		= {Lecture Notes in Ultrafast Optics},
  month		= {Spring},
  year		= {2005},
  howpublished	= {Online},
  note		= {Massachusetts Institute of Technology: MIT OpenCourseWare}
}
