%Collections
%%%%%%%%%%%%%%%%%%%%%%%%%%%%%%%%%%%%%%%%%%%%%%%%%%
@incollection{goldstein,
  author	= {D. H. Goldstein},
  title		= {{Anisotropic Materials}},
  booktitle	= {Advanced Optical Instruments and Techniques},
  note		= {Ch. 20. 2018},
  pages		= {695--726},
  year		= {2018},
  crossref	= {hernandez}
}

@incollection{higson,
  author	= {N. Higson and J. Roe},
  title		= {{Operator Algebras}},
  booktitle	= {The Princeton Companion ot Mathematics},
  note		= {Ch. IV.15. 2008},
  pages		= {510--523},
  year		= {2008},
  crossref	= {gowers}
}

@incollection{hochstrasser,
  author	= {U. W. Hochstrasser},
  title		= {{Orthogonal Polynomials}},
  booktitle	= {Handbook of Mathematical Functions},
  note		= {Ch. 22. 1972},
  pages		= {771--802},
  year		= {1972},
  crossref	= {abramowitz}
}

@incollection{karim,
  author	= {M. A. Karim},
  title		= {{Electro-Optical and Acousto-Optical Devices}},
  booktitle	= {Advanced Optical Instruments and Techniques},
  note		= {Ch. 11. 2018},
  pages		= {409--458},
  year		= {2018},
  crossref	= {hernandez}
}

@incollection{miller,
  author	= {J. C. P. Miller},
  title		= {{Parabolic Cylinder Functions}},
  booktitle	= {Handbook of Mathematical Functions},
  note		= {Ch. 19. 1972},
  pages		= {685--720},
  year		= {1972},
  crossref	= {abramowitz}
}

@incollection{starodoumov,
  author	= {A. N. Starodoumov},
  title		= {{Optical Fibers and Accessories}},
  booktitle	= {Advanced Optical Instruments and Techniques},
  note		= {Ch. 18. 2018},
  pages		= {633--676},
  year		= {2018},
  crossref	= {hernandez}
}

%Books
%%%%%%%%%%%%%%%%%%%%%%%%%%%%%%%%%%%%%%%%%%%%%%%%%%
@book{abramowitz,
  editor    = {M. Abramowitz and I. A. Stegun}, 
  title     = {Handbook of Mathematical Functions},
  publisher = {United States Government Publishing Office},
  year      = {1972},
  edition   = {10},
  ISBN		= {0-486-61272-4}
}

@book{agrawal2002,
  author    = {G. Agrawal}, 
  title     = {Fiber-Optic Communication Systems},
  publisher = {John Wiley \& Sons, Inc.},
  year      = {2002},
  edition   = {3},
  ISBN		= {0-471-21571-6}
}

@book{agrawal2013,
  author    = {G. Agrawal}, 
  title     = {Nonlinear Fiber Optics},
  publisher = {Academic Press},
  year      = {2013},
  edition   = {5},
  ISBN		= {978-0-12-397023-7}
}

@book{alazzawi,
  author    = {A. Al-Azzawi}, 
  title     = {Fiber Optics: Principles and Advanced Practices},
  publisher = {CRC Press},
  year      = {2017},
  edition   = {2},
  ISBN		= {978-1-4987-7432-1}
}

@book{becker,
  author    = {P. C. Becker and N. A. Olsson and J. R. Simpson}, 
  title     = {Erbium-Doped Fiber Amplifiers Fundamentals and Technology},
  publisher = {Academic Press},
  year      = {1999},
  edition   = {1},
  ISBN		= {978-0120845903}
}

@book{conway,
  author    = {J. B. Conway}, 
  title     = {A Course in Functional Analysis},
  publisher = {Springer-Verlag New York Inc.},
  year      = {1985},
  edition   = {1},
  ISBN		= {o-387-96042-2},
  series	= {Graduate Texts in Mathematics},
  volume	= {96}
}

@book{courant,
  author    = {R. Courant and D. Hilbert}, 
  title     = {Methoden der Mathematischen Physik},
  publisher = {Julius Springer},
  year      = {1924},
  volume	= {I}
}

@book{debnath,
  author    = {L. Debnath and D. Bhatta}, 
  title     = {Integral Transforms and Their Applications},
  publisher = {Chapman \& Hall/CRC Press},
  year      = {2007},
  edition   = {2},
  ISBN		= {978-1-58488-575-7}
}

@book{desurvire,
  author    = {E. Desurvire}, 
  title     = {Erbium-Doped Fiber Amplifiers Principles and Applications},
  publisher = {John Wiley \& Sons, Inc.},
  year      = {2002},
  ISBN		= {0-471-26434-2}
}

@book{ferreira,
  author    = {M. F. S. Ferreira}, 
  title     = {Nonlinear Effects in Optical Fibers},
  publisher = {John Wiley \& Sons, Inc.},
  year      = {2011},
  ISBN		= {978-0-470-46466-3}
}

@book{gowers,
  editor    = {T. Gowers}, 
  title     = {The Princeton Companion to Mathematics},
  publisher = {Princeton University Press},
  year      = {2008},
  ISBN		= {978-0-691-11880-2}
}

@book{gradshteyn,
  author    = {I. S. Gradshteyn and I. M. Ryzhik}, 
  title     = {Table of Integrals, Series, and Products},
  publisher = {Academic Press},
  year      = {2007},
  edition   = {7},
  ISBN		= {978-0-12-373637-6}
}

@book{griffel,
  author    = {D. H. Griffel}, 
  title     = {Applied Functional Analysis},
  publisher = {Dover Publications, Inc.},
  year      = {2002},
  edition   = {2},
  ISBN		= {978-0-486-42258-9}
}

@book{hernandez,
  editor    = {D. Malacara-Hern\'andez and B. J. Thompson}, 
  title     = {Advanced Optical Instruments and Techniques},
  series	= {Handbook of Optical Engineering},
  publisher = {CRC Press},
  year      = {2018},
  edition   = {2},
  volume	= {2},
  ISBN		= {978-1-4987-2067-0},
}

@book{hausbook,
  author    = {H. A. Haus}, 
  title     = {Waves and Fields in Optoelectronics},
  publisher = {Prentice-Hall, Inc.},
  year      = {1984},
  ISBN		= {0-13-946053-5}
}

@book{kolmogorov,
  author    = {A. N. Kolmogorov and S. V. Fomin}, 
  title     = {Elements of the Theory of Functions and Functional Analysis},
  publisher = {Graylock Press},
  year      = {1960},
  edition   = {1},
  volume	= {2}
}

@book{kreyszig,
  author    = {E. Kreyszig}, 
  title     = {Introductory Functional Analysis with Applications},
  publisher = {John Wiley \& Sons, Inc.},
  year      = {1978},
  ISBN		= {0-471-50731-8}
}

@book{ockendon,
  title		= {{Moving Boundary Problems in Heat Flow and Diffusion}},
  editor	= {J. R. Ockendon and W. R. Hodgkins},
  month		= {Mar},
  year		= {1975},
  publisher	= {Oxford University Press}
}

@book{silfvast,
  author    = {W. T. Silfvast}, 
  title     = {Laser Fundamentals},
  publisher = {Cambridge University Press},
  year      = {2004},
  edition   = {2},
  ISBN		= {0-521-83345-0}
}

@book{szego,
  author    = {G. Szeg\"o}, 
  title     = {Orthogonal Polynomials},
  publisher = {American Mathematical Society},
  year      = {1975},
  edition   = {4},
  ISBN		= {0-8218-1023-5},
  series	= {American Mathematical Society Colloquium Publications},
  volume	= {XXIII}
}

@book{zwillinger,
  author    = {D. Zwillinger}, 
  title     = {Handbook of Differential Equations},
  publisher = {Academic Press},
  year      = {1992},
  edition   = {2},
  ISBN		= {9781483263960}
}

%Articles
%%%%%%%%%%%%%%%%%%%%%%%%%%%%%%%%%%%%%%%%%%%%%%%%%%
@article{anderson,
  author	= {D. Anderson and M. Desaix and M. Lisak and M. L. Quiroga--Teixeiro},
  journal	= {J. Opt. Soc. Am. B},
  number	= {8},
  pages		= {1358--1361},
  publisher	= {OSA},
  title		= {{Wave Breaking in Nonlinear-Optical Fibers}},
  volume	= {9},
  month		= {Aug},
  year		= {1992},
  doi		= {10.1364/JOSAB.9.001358}
}

@article{burgoyne2014,
  author	= {B. Burgoyne and A. Dupuis and A. Villeneuve},
  journal	= {IEEE Journal of Selected Topics in Quantum Electronics},
  title		= {{An Experimentally Validated Discrete Model for Dispersion-Tuned Actively Mode-Locked Lasers}},
  year		= {2014},
  volume	= {20},
  number	= {5},
  pages		= {390--398},
  doi		= {10.1109/JSTQE.2014.2303794},
  month		= {Sept}
}

@article{burgoyne2007,
  author	= {B. Burgoyne and N. Godbout and S. Lacroix},
  journal	= {Opt. Express},
  number	= {16},
  pages		= {10075--10090},
  publisher	= {OSA},
  title		= {{Nonlinear Pulse Propagation in Optical Fibers Using Second Order Moments}},
  volume	= {15},
  month		= {Aug},
  year		= {2007},
  url		= {http://www.opticsexpress.org/abstract.cfm?URI=oe-15-16-10075},
  doi		= {10.1364/OE.15.010075}
}

@article{calcaterra,
  author	= {C. Calcaterra and A. Boldt},
  title		= {{Approximating with Gaussians}},
  journal	= {ArXiv},
  note		= {\href{https://arxiv.org/abs/0805.3795}{arXiv:0805.3795}},
  year		= {2008},
  month		= {May},
  URL		= {https://arxiv.org/abs/0805.3795}
}

@article{corless,
  author	= {R. M. Corless and G. H. Gonnet and D. E. G. Hare and D. J. Jeffrey and D. E. Knuth},
  title		= {{On the Lambert $W$ function}},
  journal	= {Advances in Computational Mathematics},
  year		= {1996},
  month		= {Dec},
  volume	= {5},
  number	= {1},
  issn		= {1572-9044},
  doi		= {10.1007/BF02124750},
  url		= {https://doi.org/10.1007/BF02124750}
}

@article{dunlop,
  author	= {A. M. Dunlop and W. J. Firth and E. M. Wright},
  journal	= {Opt. Express},
  number	= {5},
  pages		= {204--211},
  publisher	= {OSA},
  title		= {{Pulse Shapes and Stability in Kerr and Active Mode-Locking (KAML)}},
  volume	= {2},
  month		= {Mar},
  year		= {1998},
  doi		= {10.1364/OE.2.000204}
}

@article{finot,
  author	= {C. Finot and B. Kibler and L. Provost and S. Wabnitz},
  journal	= {J. Opt. Soc. Am. B},
  number	= {11},
  pages		= {1938--1948},
  publisher	= {OSA},
  title		= {{Beneficial Impact of Wave-Breaking for Coherent Continuum Formation in Normally Dispersive Nonlinear Fibers}},
  volume	= {25},
  month		= {Nov},
  year		= {2008},
  doi		= {10.1364/JOSAB.25.001938}
}

@article{haus1975,
  author	= {H. A. Haus},
  journal	= {IEEE Journal of Quantum Electronics},
  number	= {7},
  pages		= {323--330},
  publisher	= {IEEE},
  title		= {{A Theory of Forced Mode Locking}},
  volume	= {11},
  month		= {July},
  year		= {1975},
  doi		= {10.1109/JQE.1975.1068636}
}

@article{haus1986,
  author	= {H. A. Haus},
  journal	= {IEEE Journal of Quantum Electronics},
  number	= {2},
  pages		= {325--331},
  publisher	= {IEEE},
  title		= {{Laser Mode Locking with Addition of Nonlinear Index}},
  volume	= {22},
  month		= {Feb},
  year		= {1986},
  doi		= {10.1109/JQE.1986.1072944}
}

@article{haus1991,
  author	= {H. A. Haus and J. G. Fujimoto and E. P. Ippen},
  journal	= {J. Opt. Soc. Am. B},
  number	= {10},
  pages		= {2068--2076},
  publisher	= {OSA},
  title		= {{Structures for Additive Pulse Mode Locking}},
  volume	= {8},
  month		= {Oct},
  year		= {1991},
  doi		= {10.1364/JOSAB.8.002068}
}

@article{haus1992,
  author	= {H. A. Haus},
  journal	= {IEEE Journal of Quantum Electronics},
  number	= {10},
  pages		= {2086--2096},
  publisher	= {IEEE},
  title		= {{Analytic Theory of Additive Pulse and Kerr Lens Mode Locking}},
  volume	= {28},
  month		= {Oct},
  year		= {1992},
  doi		= {10.1109/3.159519}
}

@article{haus1996,
  author	= {H. A. Haus},
  journal	= {Journal of Lightwave Technology},
  number	= {4},
  pages		= {622--627},
  publisher	= {IEEE},
  title		= {{Theory of Soliton Stability in Asynchronous Modelocking}},
  volume	= {14},
  month		= {April},
  year		= {1996},
  doi		= {10.1109/50.491401}
}

@article{haus2000,
  author	= {H. A. Haus},
  journal	= {IEEE Journal of Selected Topics in Quantum Electronics},
  number	= {6},
  pages		= {1173--1185},
  publisher	= {IEEE},
  title		= {{Mode-Locking of Lasers}},
  volume	= {6},
  month		= {Nov},
  year		= {2000},
  doi		= {10.1109/2944.902165}
}

@article{kuizenga1970a,
  author	= {D. J. Kuizenga and A. E. Siegman},
  journal	= {IEEE Journal of Quantum Electronics},
  number	= {11},
  pages		= {694--708},
  publisher	= {IEEE},
  title		= {{FM and AM Mode Locking of the Homogeneous Laser - Part I: Theory}},
  volume	= {6},
  month		= {Nov},
  year		= {1970},
  doi		= {10.1109/JQE.1970.1076343}
}

@article{kuizenga1970b,
  author	= {D. J. Kuizenga and A. E. Siegman},
  journal	= {IEEE Journal of Quantum Electronics},
  number	= {11},
  pages		= {709--715},
  publisher	= {IEEE},
  title		= {{FM and AM Mode Locking of the Homogeneous Laser - Part II: Experimental Results in a Nd:YAG Laser with Internal FM Modulation}},
  volume	= {6},
  month		= {Nov},
  year		= {1970},
  doi		= {10.1109/JQE.1970.1076344}
}

@article{kuizenga1970,
  author	= {D. J. Kuizenga and A. E. Siegman},
  journal	= {IEEE Journal of Quantum Electronics},
  number	= {11},
  pages		= {673--677},
  publisher	= {IEEE},
  title		= {{FM-Laser Operation of the Nd:YAG Laser}},
  volume	= {6},
  month		= {Nov},
  year		= {1970},
  doi		= { 10.1109/JQE.1970.1076348}
}

@article{li,
  author	= {S. Li and K. T. Chan},
  title		= {{Electrical Wavelength Tunable and Multiwavelength Actively Mode-Locked Fiber Ring Laser}},
  journal	= {Applied Physics Letters},
  volume	= {72},
  number	= {16},
  pages		= {1954--1956},
  year		= {1998},
  doi		= {10.1063/1.121263},
  URL		= {https://doi.org/10.1063/1.121263},
  eprint	= {https://doi.org/10.1063/1.121263}
}

@article{litchinitser,
  author	= {N. M. Litchinitser and B. J. Eggleton and D. B. Patterson},
  journal	= {Journal of Lightwave Technology},
  title		= {{Fiber Bragg Gratings for Dispersion Compensation in Transmission: Theoretical Model and Design Criteria for Nearly Ideal Pulse Recompression}},
  year		= {1997},
  volume	= {15},
  number	= {8},
  pages		= {1303--1313},
  doi		= {10.1109/50.618327},
  month		= {Aug}
}

@article{martinez1984,
  author	= {O. E. Martinez and R. L. Fork and J. P. Gordon},
  journal	= {Opt. Lett.},
  number	= {5},
  pages		= {156--158},
  publisher	= {OSA},
  title		= {{Theory of Passively Mode-Locked Lasers Including Self-Phase Modulation and Group-Velocity Dispersion}},
  volume	= {9},
  month		= {May},
  year		= {1984},
  doi		= {10.1364/OL.9.000156}
}

@article{martinez1985,
  author	= {O. E. Martinez and R. L. Fork and J. P. Gordon},
  journal	= {J. Opt. Soc. Am. B},
  number	= {5},
  pages		= {753--760},
  publisher	= {OSA},
  title		= {{Theory of Passively Mode-Locked Lasers for the Case of a Nonlinear Complex-Propagation Coefficient}},
  volume	= {2},
  month		= {May},
  year		= {1985},
  doi		= {10.1364/JOSAB.2.000753}
}

@article{metherall,
  author	= {B. Metherall and C. S. Bohun},
  title		= {{A Nonlinear Model for Dispersion-Tuned Actively Mode-Locked Lasers}},
  journal	= {ArXiv},
  note		= {\href{https://arxiv.org/abs/1812.03113}{arXiv:1812.03113}},
  year		= {2018},
  month		= {Dec},
  URL		= {https://arxiv.org/abs/1812.03113}
}

@article{peng,
  author	= {J. Peng and H. Luo and L. Zhan},
  journal	= {Opt. Lett.},
  number	= {24},
  pages		= {5913--5916},
  publisher	= {OSA},
  title		= {{In-Cavity Soliton Self-Frequency Shift Ultrafast Fiber Lasers}},
  volume	= {43},
  month		= {Dec},
  year		= {2018},
  url		= {http://ol.osa.org/abstract.cfm?URI=ol-43-24-5913},
  doi		= {10.1364/OL.43.005913}
}

@article{rothenberg,
  author	= {J. E. Rothenberg},
  journal	= {J. Opt. Soc. Am. B},
  number	= {12},
  pages		= {2392--2401},
  publisher	= {OSA},
  title		= {{Femtosecond Optical Shocks and Wave Breaking in Fiber Propagation}},
  volume	= {6},
  month		= {Dec},
  year		= {1989},
  doi		= {10.1364/JOSAB.6.002392}
}

@article{siegman,
  author	= {A. E. Siegman and D. J. Kuizenga},
  journal	= {Appl. Phys. Lett.},
  number	= {6},
  pages		= {181--182},
  title		= {{Simple Analytic Expressions for AM and FM Modelocked Pulses in Homogenous Lasers}},
  month		= {Mar},
  year		= {1969},
  doi		= {https://doi.org/10.1063/1.1652765}
}

@article{shtyrina,
  author	= {O. V. Shtyrina and A. V. Ivanenko and I. A. Yarutkina and A. V. Kemmer and A. S. Skidin and S. M. Kobtsev and M. P. Fedoruk},
  journal	= {J. Opt. Soc. Am. B},
  number	= {2},
  pages		= {227--231},
  publisher	= {OSA},
  title		= {{Experimental Measurement and Analytical Estimation of the Signal Gain in an Er-Doped Fiber}},
  volume	= {34},
  month		= {Feb},
  year		= {2017},
  doi		= {10.1364/JOSAB.34.000227}
}

@article{tamura,
  author	= {K. Tamura and M. Nakazawa},
  journal	= {Opt. Lett.},
  number	= {24},
  pages		= {1984--1986},
  publisher	= {OSA},
  title		= {{Dispersion-Tuned Harmonically Mode-Locked Fiber Ring Laser for Self-Synchronization to an External Clock}},
  volume	= {21},
  month		= {Dec},
  year		= {1996},
  doi		= {10.1364/OL.21.001984}
}

@article{teuwen,
  author	= {J. Teuwen},
  title		= {{A Cornucopia of Hermite Polynomials}},
  journal	= {Research Gate},
  year		= {2016},
  month		= {March},
  doi		= {10.13140/RG.2.1.2057.4964/1}
}

@article{tomlinson,
  author	= {W. J. Tomlinson and R. H. Stolen and A. M. Johnson},
  journal	= {Opt. Lett.},
  number	= {9},
  pages		= {457--459},
  publisher	= {OSA},
  title		= {{Optical Wave Breaking of Pulses in Nonlinear Optical Fibers}},
  volume	= {10},
  month		= {Sept},
  year		= {1985},
  doi		= {10.1364/OL.10.000457}
}

@article{usechak,
  author	= {Nicholas G. Usechak and Govind P. Agrawal},
  journal	= {J. Opt. Soc. Am. B},
  number	= {12},
  pages		= {2570--2580},
  publisher	= {OSA},
  title		= {{Rate-Equation Approach for Frequency-Modulation Mode Locking using the Moment Method}},
  volume	= {22},
  month		= {Dec},
  year		= {2005},
  doi		= {10.1364/JOSAB.22.002570}
}

@article{yamashita,
  author	= {S. Yamashita and Y. Nakazaki and R. Konishi and O. Kusakari},
  title		= {{Wide and Fast Wavelength-Swept Fiber Laser Based on Dispersion Tuning for Dynamic Sensing}},
  journal	= {Journal of Sensors},
  volume	= {2009},
  year		= {2009},
  doi		= {10.1155/2009/572835}
}

@article{yarutkina,
  author	= {I.A. Yarutkina and O.V. Shtyrina and M.P. Fedoruk and S.K. Turitsyn},
  journal	= {Opt. Express},
  number	= {10},
  pages		= {12942--12950},
  publisher	= {OSA},
  title		= {{Numerical Modeling of Fiber Lasers with Long and Ultra-long Ring Cavity}},
  volume	= {21},
  month		= {May},
  year		= {2013},
  doi		= {10.1364/OE.21.012942}
}

%In Proceedings
%%%%%%%%%%%%%%%%%%%%%%%%%%%%%%%%%%%%%%%%%%%%%%%%%%
@inproceedings{bohun,
  author	= {C. S. Bohun and Y. Cher and L. J. Cummings and P. Howell and T. Mitre and L. Monasse and J. Mueller and S. Rouillon},
  title		= {{Modelling and Specifying Dispersive Laser Cavities}},
  booktitle	= {Sixth Montr\'{e}al Industrial Problem Solving Workshop},
  volume	= {2015},
  pages		= {11--25},
  year		= {2015}
}

@inproceedings{burgoyne2010,
  author	= {B. Burgoyne and A. Villeneuve},
  title		= {{Programmable Lasers: Design and Applications}},
  booktitle	= {Proc.SPIE},
  volume	= {7580},
  pages		= {7580--7580--15},
  year		= {2010},
  doi		= {10.1117/12.841277}
}

@inproceedings{calcaterra2,
  author	= {C. Calcaterra},
  title		= {{Linear Combinations of Gaussians with a Single Variance are Dense in $L^2$}},
  booktitle	= {Proceedings of the World Congress on Engineering},
  volume	= {II},
  year		= {2008},
}

@inproceedings{chen,
  author	= {Q. Chen and N. Lu and F. Jiang},
  title		= {{Characterization of the Dispersion of Chirped Fiber Bragg Grating Through Fourier Transform Spectrometry Method}},
  booktitle	= {Proc.SPIE},
  volume	= {6837},
  pages		= {6837--6837--8},
  year		= {2008},
  doi		= {10.1117/12.755295}
}

@inproceedings{cutler,
  author	= {C. C. Cutler},
  booktitle	= {Proceedings of the IRE},
  publisher	= {IEEE},
  title		= {{The Regenerative Pulse Generator}},
  month		= {Feb},
  year		= {1955},
  doi		= {10.1109/JRPROC.1955.278070}
}

@inproceedings{dong,
  author	= {L. Dong and M. J. Cole and A. D. Ellis and M. Durkin and M. Ibsen and V. Gusmeroli and R.I. Laming},
  booktitle	= {Conference on Optical Fiber Communications},
  publisher	= {Optical Society of America},
  title		= {{40 Gbit/s 1.55 $\mu$m Transmission Over 109 km of Non-Dispersion Shifted Fibre with Long Continuously Chirped Fibre Gratings}},
  year		= {1997}
}

%Misc
%%%%%%%%%%%%%%%%%%%%%%%%%%%%%%%%%%%%%%%%%%%%%%%%%%
@misc{burgoyneemail,
  author	= {B. Burgoyne},
  howpublished	= {Private Communication},
  year		= {2018}
}

@misc{kartner,
  author	= {F. K\"artner},
  title		= {{Lecture Notes in Ultrafast Optics}},
  month		= {Spring},
  year		= {2005},
  howpublished	= {Online},
  note		= {\href{https://ocw.mit.edu/courses/electrical-engineering-and-computer-science/6-977-ultrafast-optics-spring-2005/index.htm#}{Massachusetts Institute of Technology: MIT OpenCourseWare}}
}

