@book{silfvast,
  author    = {W. T. Silfvast}, 
  title     = {Laser Fundamentals},
  publisher = {Cambridge University Press},
  year      = 2004,
  edition   = 2
}

@book{ferreira,
  author    = {M. F. S. Ferreira}, 
  title     = {Nonlinear Effects in Optical Fibers},
  publisher = {Wiley},
  year      = 2011
}

@book{agrawal,
  author    = {G. Agrawal}, 
  title     = {Nonlinear Fiber Optics},
  publisher = {Academic Press},
  year      = 2013,
  edition   = 5
}

@article{shtyrina,
author = {O. V. Shtyrina, A. V. Ivanenko, I. A. Yarutkina, A. V. Kemmer, A. S. Skidin, S. M. Kobtsev, and M. P. Fedoruk},
journal = {J. Opt. Soc. Am. B},
number = {2},
pages = {227--231},
publisher = {OSA},
title = {Experimental measurement and analytical estimation of the signal gain in an Er-doped fiber},
volume = {34},
month = {Feb},
year = {2017},
url = {http://josab.osa.org/abstract.cfm?URI=josab-34-2-227},
doi = {10.1364/JOSAB.34.000227},
}

@proceeding{burgoyne,
author = {B. Burgoyne, and A. Villeneuve},
title = {Programmable lasers: design and applications},
journal = {Proc.SPIE},
volume = {7580},
pages = {7580 - 7580 - 15},
year = {2010},
doi = {10.1117/12.841277}
}

@article{ymashita,
author = {S. Yamashita, Y. Nakazaki, R. Konishi, and O. Kusakari},
title = {Wide and Fast Wavelength-Swept Fiber Laser Based on Dispersion Tuning for Dynamic Sensing},
journal = {Journal of Sensors},
volume = {2009},
year = {2009},
doi = {10.1155/2009/572835}
}

@proceeding{bohun,
author = {C. S. Bohun, Y. Cher, L. J. Cummings, P. Howell, T. Mitre, L. Monasse, J. Mueller, and S. Rouillon},
title = {Modelling and Specifying Dispersive Laser Cavities},
journal = {Sixth Montr\'{e}al Industrial Problem Solving Workshop},
volume = {2015},
pages = {11--25},
year = {2015}
}

@article{litchinitser,
author={N. M. Litchinitser,B. J. Eggleton, and D. B. Patterson},
journal={Journal of Lightwave Technology},
title={Fiber Bragg Gratings for Dispersion Compensation in Transmission: Theoretical Model and Design Criteria for Nearly Ideal Pulse Recompression},
year={1997},
volume={15},
number={8},
pages={1303--1313},
doi={10.1109/50.618327},
month={Aug}
}









